@Book{xie2015,
  title = {Dynamic Documents with {R} and knitr},
  author = {Yihui Xie},
  publisher = {Chapman and Hall/CRC},
  address = {Boca Raton, Florida},
  year = {2015},
  edition = {2nd},
  note = {ISBN 978-1498716963},
  url = {http://yihui.org/knitr/},
}

@article{rosenblatt1956,
  author = "Rosenblatt, Murray",
  doi = "10.1214/aoms/1177728190",
  fjournal = "Annals of Mathematical Statistics",
  journal = "Ann. Math. Statist.",
  month = "09",
  number = "3",
  pages = "832--837",
  publisher = "The Institute of Mathematical Statistics",
  title = "Remarks on Some Nonparametric Estimates of a Density Function",
  url = "https://doi.org/10.1214/aoms/1177728190",
  volume = "27",
  year = "1956"
}