@misc{cern,
  title={Processing: What to record? - CERN Accelerating science},
  url={https://home.cern/science/computing/processing-what-record},
  journal={CERN}
}

@article{rosenblatt1956remarks,
  title={Remarks on some nonparametric estimates of a density function. Annals of Mathematical Statistics},
  author={Rosenblatt, M},
  year={1956}
}

@misc{duong2001,
  title={Kernel Density Estimation in Python},
  url={https://www.mvstat.net/tduong/research/seminars/seminar-2001-05/},
  journal={An introduction to kernel density estimation},
  author={Duong, Tarn},
  year={2001},
  month={May}
}

@misc{lerner2013,
  title={Kernel Density Estimation in Python},
  url={https://mglerner.github.io/posts/histograms-and-kernel-density-estimation-kde-2.html},
  journal={Histograms and kernel density estimation | Biophysics and Beer},
  author={Lerner, Michael},
  year={2013},
  month={Nov}
}

@misc{cranmer2000kernel,
  title={Kernel Estimation in High-Energy Physics},
  author={Kyle S. Cranmer},
  year={2000},
  eprint={hep-ex/0011057},
  archivePrefix={arXiv},
  primaryClass={hep-ex}
}

@misc{eschle2019zfit,
    title={zfit: scalable pythonic fitting},
    author={Jonas Eschle and Albert Puig Navarro and Rafael Silva Coutinho and Nicola Serra},
    year={2019},
    eprint={1910.13429},
    archivePrefix={arXiv},
    primaryClass={physics.data-an}
}

@misc{vanderplas_2013,
  title={Kernel Density Estimation in Python},
  url={https://jakevdp.github.io/blog/2013/12/01/kernel-density-estimation/},
  journal={Kernel Density Estimation in Python | Pythonic Perambulations},
  author={VanderPlas, Jake},
  year={2013},
  month={Dec}
}

@article{googleTFP,
  author    = {Joshua V. Dillon and
               Ian Langmore and
               Dustin Tran and
               Eugene Brevdo and
               Srinivas Vasudevan and
               Dave Moore and
               Brian Patton and
               Alex Alemi and
               Matthew D. Hoffman and
               Rif A. Saurous},
  title     = {TensorFlow Distributions},
  journal   = {CoRR},
  volume    = {abs/1711.10604},
  year      = {2017},
  url       = {http://arxiv.org/abs/1711.10604},
  archivePrefix = {arXiv},
  eprint    = {1711.10604},
  timestamp = {Mon, 13 Aug 2018 16:48:50 +0200},
  biburl    = {https://dblp.org/rec/journals/corr/abs-1711-10604.bib},
  bibsource = {dblp computer science bibliography, https://dblp.org}
}

@article{brent1971algorithm,
  title={An algorithm with guaranteed convergence for finding a zero of a function},
  author={Brent, Richard P.},
  journal={The Computer Journal},
  volume={14},
  number={4},
  pages={422--425},
  year={1971},
  publisher={Oxford University Press}
}

@incollection{gramacki2018fft,
  title={FFT-Based Algorithms for Kernel Density Estimation and Bandwidth Selection},
  author={Gramacki, Artur},
  booktitle={Nonparametric Kernel Density Estimation and Its Computational Aspects},
  pages={85--118},
  year={2018},
  publisher={Springer}
}

@misc{KDEpy,
  author = {Tommy Odland},
  title = {KDEpy},
  year = {2020},
  publisher = {GitHub},
  journal = {GitHub repository},
  howpublished = {\url{https://github.com/tommyod/KDEpy}},
  commit = {966d13cb9897308af9aa747e83f0e36a960f7627}
}

@misc{KDEpyDoc,
    title={Comparison | KDEpyÂ¶},
    url={https://kdepy.readthedocs.io/en/latest/comparison.html},
    journal={Comparison - KDEpy 1.0.5 documentation},
    author={Odland, Tommy}
}

@book{kroese2013handbook,
  title={Handbook of monte carlo methods},
  author={Kroese, Dirk P and Taimre, Thomas and Botev, Zdravko I},
  volume={706},
  year={2013},
  publisher={John Wiley \& Sons}
}

@article{sheather1991reliable,
  title={A reliable data-based bandwidth selection method for kernel density estimation},
  author={Sheather, Simon J and Jones, Michael C},
  journal={Journal of the Royal Statistical Society: Series B (Methodological)},
  volume={53},
  number={3},
  pages={683--690},
  year={1991},
  publisher={Wiley Online Library}
}

@book{wand1994kernel,
  title={Kernel smoothing},
  author={Wand, Matt P and Jones, M Chris},
  year={1994},
  publisher={Crc Press}
}

@article{botev2010kernel,
  title={Kernel density estimation via diffusion},
  author={Botev, Zdravko I and Grotowski, Joseph F and Kroese, Dirk P and others},
  journal={The annals of Statistics},
  volume={38},
  number={5},
  pages={2916--2957},
  year={2010},
  publisher={Institute of Mathematical Statistics}
}